@book{Aho:72,
    author  = {Alfred V. Aho and Jeffrey D. Ullman},
    title   = {The Theory of Parsing, Translation and Compiling},
    year    = "1972",
    volume  = "1",
    publisher = {Prentice-Hall},
    address = {Englewood Cliffs, NJ}
}

@book{APA:83,
    author  = {{American Psychological Association}},
    title   = {Publications Manual},
    year    = "1983",
   publisher = {American Psychological Association},
   address = {Washington, DC}
}

@article{Chandra:81,
	author = {Ashok K. Chandra and Dexter C. Kozen and Larry J. Stockmeyer},
	year = "1981",
	title = {Alternation},
	journal = {Journal of the Association for Computing Machinery},
	volume = "28",
	number = "1",
	pages = "114--133",
	doi = "10.1145/322234.322243",
}

@inproceedings{andrew2007scalable,
  title={Scalable training of {L1}-regularized log-linear models},
  author={Andrew, Galen and Gao, Jianfeng},
  booktitle={Proceedings of the 24th International Conference on Machine Learning},
  pages={33--40},
  year={2007},
}

@book{Gusfield:97,
    author  = {Dan Gusfield},
    title   = {Algorithms on Strings, Trees and Sequences},
    year    = "1997",
    publisher = {Cambridge University Press},
    address = {Cambridge, UK}
}

@article{rasooli-tetrault-2015,
    author    = {Mohammad Sadegh Rasooli and Joel R. Tetreault},
    title     = {Yara Parser: {A} Fast and Accurate Dependency Parser},
    journal   = {Computing Research Repository},
    volume    = {arXiv:1503.06733},
    year      = {2015},
    url       = {http://arxiv.org/abs/1503.06733},
    note    = {version 2}
}

@article{Ando2005,
	Acmid = {1194905},
	Author = {Ando, Rie Kubota and Zhang, Tong},
	Issn = {1532-4435},
	Issue_Date = {12/1/2005},
	Journal = {Journal of Machine Learning Research},
	Month = dec,
	Numpages = {37},
	Pages = {1817--1853},
	Publisher = {JMLR.org},
	Title = {A Framework for Learning Predictive Structures from Multiple Tasks and Unlabeled Data},
	Volume = {6},
	Year = {2005}}

@inproceedings{Araki2015,
    author = {Jun Araki and Teruko Mitamura},
    title = {Joint Event Trigger Identification and Event Coreference Resolution with Structured Perceptron},
    booktitle = {Proceedings of the 2015 Conference on Empirical Methods in Natural Language Processing},
    year = {2015},
    pages = {2074-2080},
    publisher = {ACL},
    url = {https://www.aclweb.org/anthology/D15-1247.pdf}
}

@inproceedings{Bagga1998-coref-eval,
    author = {Amit Bagga and Breck Baldwin},
    title = {Algorithms for Scoring Coreference Chains},
    booktitle = {In The First International Conference on Language Resources and Evaluation Workshop on Linguistics Coreference},
    year = {1998},
    pages = {563--566}
}

@inproceedings{Barhom2019-joint-coref,
    author = {Shany Barhom and Vered Shwartz and Alon Eirew and Michael Bugert and Nils Reimers and Ido Dagan},
    title = {Revisiting Joint Modeling of Cross-document
Entity and Event Coreference Resolution},
    booktitle = {Proceedings of the 57th Annual Meeting of the Association for Computational Linguistics},
    year = {2019},
    month = jul,
    pages = {4179–4189},
    publisher = {ACL},
    address = {Florence, {I}taly},
    url = {https://www.aclweb.org/anthology/P19-1409.pdf}
}

@inproceedings{Zhang2015-multimedia-coref,
    author = {Tongtao Zhang and
      Hongzhi Li and
      Heng Ji  and
      Shih-Fu Chang}, 
    title = {Cross-document Event Coreference Resolution based on Cross-media Features},
    booktitle = {Proceedings of the 2015 Conference on Empirical Methods in Natural Language Processing},
    year = {2015},
    month = sep,
    pages = {201--206},
    address = {Lisbon, {P}ortugal},
    url = {https://www.aclweb.org/anthology/D15-1020}
}

@inproceedings{Choubey2017,
    author = {Prafulla Choubey and Ruihong Huang},
    title = {Event Coreference Resolution by Iteratively Unfolding Inter-dependencies among Events},
    booktitle = {Proceedings of the 2017 Conference on Empirical Methods in Natural Language Processing},
    year = {2017},
    month = sep,
    pages = {2124–2133},
    publisher = {ACL},
    address = {Copenhagen, {D}enmark},
    url = {https://www.aclweb.org/anthology/D17-1226.pdf}
}

@inproceedings{Choubey2018,
    author = {Prafulla Choubey and Ruihong Huang},
    title = {Improving Event Coreference Resolution by Modeling Correlations between Event Coreference Chains and Document Topic Structures},
    booktitle = {Proceedings of the 56th Annual Meeting of the Association for Computational Linguistics},
    year = {2018},
    month = jul,
    pages = {485-495},
    publisher = {ACL},
    address = {Melbourne, {A}ustralia},
    url = {https://www.aclweb.org/anthology/P18-1045}
}

@article{Durrett2012-joint-entity-type-coref,
    author = {Greg Durrett and Dan Klein},
    title = {A Joint Model for Entity Analysis: Coreference, Typing, and Linking},
    journal = {Transactions of the Association for Computational Linguistics},
    year = {2012}
}

@inproceedings{Huang2019-argument-compatibility,
    author = {Yin Jou Huang and Jing Lu and Sadao Kurohashi and Vincent Ng},
    title = {Improving Event Coreference Resolution by Learning Argument Compatibility from Unlabeled Data},
    booktitle = {Proceedings of NAACL-HLT 2019},
    year = {2017},
    month = jun,
    pages = {785-795},
    publisher = {ACL},
    address = {Minnesota},
    url = {https://www.aclweb.org/anthology/N19-1085.pdf}
}

@inproceedings{Lee2012-joint-entity-event-coref,
    author = {Heeyoung Lee and Marta Recasens and Angel Chang and Mihai Surdeanu and Dan Jurafsky},
    title = {Joint Entity and Event Coreference Resolution across Documents},
    booktitle = {Proceedings of the 2012 Joint Conference on Empirical Methods in Natural Language Processing and Computational Natural
Language Learning},
    year = {2012},
    month = jul,
    pages = {489–500},
    publisher = {ACL},
    url = {https://www.aclweb.org/anthology/D12-1045.pdf}
}

@inproceedings{Lee2017-neural-coref,
    author = {Kenton Lee and Luheng He and Mike Lewis and Luke Zettlemoyer},
    title = {End-to-end Neural Coreference Resolution},
    booktitle = {Proceedings of the 2017 Conference on Empirical Methods in Natural Language Processing},
    year = {2017},
    url = {https://www.aclweb.org/anthology/D17-1018.pdf}
}

@inproceedings{Li2020-crossmedia-ie,
    author = {Manling Li and Alireza Zareian and Qi Zeng and Spencer Whitehead and Di Lu and Heng Ji and Shih-Fu Chang},
    title = {Cross-media Structured Common Space for Multimedia Event Extraction},
    booktitle = {Proceedings of the Annual Meeting of the Association for Computational Linguistics},
    year = {2020}
}

@inproceedings{Lu2016-joint-event-coref,
    author = {Jing Lu and Deepak Venugopal and Vibhav Gogate and Vincent Ng},
    title = {Joint Inference for Event Coreference Resolution},
    booktitle = {Proceedings of COLING 2016, the 26th International Conference on Computational Linguistics},
    year = {2016},
    month = dec,
    pages = {3264–3275},
    publisher = {ACL},
    url = {https://www.aclweb.org/anthology/C16-1308.pdf}
}

@inproceedings{Moosavi2018,
    author = {Nafise Moosavi and Michael Strube},
    title = {Using Linguistic Features to Improve the Generalization Capability of Neural Coreference Resolvers},
    booktitle = {Proceedings of the 2018 Conference on Empirical Methods in Natural Language Processing}, 
    year = {2018},
    month = oct,
    pages = {193-203},
    publisher = {ACL},
    url = {https://www.aclweb.org/anthology/D18-1018.pdf}
}

@inproceedings{Zellers2018-neural-motifs,
    author = {Rowan Zellers and Mark Yatskar and Sam Thomson and Yejin Choi},
    title = {Neural Motifs: Scene Graph Parsing with Global Context},
    booktitle = {CVPR},
    year = {2018},
    url = {https://openaccess.thecvf.com/content_cvpr_2018/papers/Zellers_Neural_Motifs_Scene_CVPR_2018_paper.pdf}
}

